@article{baron2004empathy,
  title={The empathy quotient: an investigation of adults with {A}sperger syndrome or high functioning autism, and normal sex differences},
  author={Baron-Cohen, Simon and Wheelwright, Sally},
  journal={Journal of autism and developmental disorders},
  volume={34},
  number={2},
  pages={163--175},
  year={2004},
  publisher={Springer}
}

@article{lemhofer2012introducing,
  title={Introducing LexTALE: A quick and valid lexical test for advanced learners of {E}nglish},
  author={Lemh{\"o}fer, Kristin and Broersma, Mirjam},
  journal={Behavior research methods},
  volume={44},
  number={2},
  pages={325--343},
  year={2012},
  publisher={Springer}
}

@article{izura2014lextale,
  title={{LexTALE-Esp}: A test to rapidly and efficiently assess the {S}panish vocabulary size},
  author={Izura, Cristina and Cuetos, Fernando and Brysbaert, Marc},
  journal={Psicol{\'o}gica},
  volume={35},
  number={1},
  pages={49--66},
  year={2014}
}

@book{bustin_book,
  title = {Hispanic Linguistics: {C}urrent issues and new directions},
  author = {Alfonso Morales-Front and Michael J. Ferreira and Ronald P. Leow and Cristina Sanz},
  publisher = {John Benjamins Publishing Company},
  year = {2020}, 
  series = {Issues in Hispanic and Lusophone Linguistics 26}
}

@incollection{bustin_2020,
  title = {The development of intonation in {L}2 {S}panish: {A} perceptual study},
  author = {Anel Brandl and Carolina Gonz{\'a}lez and Amy Bustin},
  pages = {12–31}, 
  crossref = {bustin_book}, 
  editor = {Alfonso Morales-Front and Michael J. Ferreira and Ronald P. Leow and Cristina Sanz},
  booktitle = {Hispanic Linguistics: Current issues and new directions}
}

@article{esteve2020empathy,
  title={Empathy influences how listeners interpret intonation and meaning when words are ambiguous},
  author={Esteve-Gibert, N{\'u}ria and Schafer, Amy J and Hemforth, Barbara and Portes, Cristel and Pozniak, C{\'e}line and D’Imperio, Mariapaola},
  journal={Memory \& cognition},
  pages={1--15},
  year={2020}, 
  doi={10.3758/s13421-019-00990-w}
}

@article{anderson1992relationship,
  title={The relationship between native speaker judgments of nonnative pronunciation and deviance in segmentais, prosody, and syllable structure},
  author={Anderson-Hsieh, Janet and Johnson, Ruth and Koehler, Kenneth},
  journal={Language learning},
  volume={42},
  number={4},
  pages={529--555},
  year={1992},
  doi={10.1111/j.1467-1770.1992.tb01043.x}
}

@article{munro1995foreign,
  title={Foreign accent, comprehensibility, and intelligibility in the speech of second language learners},
  author={Munro, Murray J and Derwing, Tracey M},
  journal={Language learning},
  volume={45},
  number={1},
  pages={73--97},
  year={1995},
  doi={10.1111/j.1467-1770.1995.tb00963.x}
}

@article{trofimovich2006learning,
  title={Learning second language suprasegmentals: Effect of {L}2 experience on prosody and fluency characteristics of {L}2 speech},
  author={Trofimovich, Pavel and Baker, Wendy},
  journal={Studies in second language acquisition},
  pages={1--30},
  year={2006},
  doi={10.1017/S0272263106060013}
}
