@article{baron2004empathy,
  title={The empathy quotient: an investigation of adults with Asperger syndrome or high functioning autism, and normal sex differences},
  author={Baron-Cohen, Simon and Wheelwright, Sally},
  journal={Journal of autism and developmental disorders},
  volume={34},
  number={2},
  pages={163--175},
  year={2004},
  publisher={Springer}
}

@article{lemhofer2012introducing,
  title={Introducing LexTALE: A quick and valid lexical test for advanced learners of English},
  author={Lemh{\"o}fer, Kristin and Broersma, Mirjam},
  journal={Behavior research methods},
  volume={44},
  number={2},
  pages={325--343},
  year={2012},
  publisher={Springer}
}

@article{izura2014lextale,
  title={Lextale-Esp: A test to rapidly and efficiently assess the Spanish vocabulary size},
  author={Izura, Cristina and Cuetos, Fernando and Brysbaert, Marc},
  journal={Psicol{\'o}gica},
  volume={35},
  number={1},
  pages={49--66},
  year={2014}
}

@book{bustin_book,
  title = {Hispanic Linguistics: Current issues and new directions},
  author = {Alfonso Morales-Front and Michael J. Ferreira and Ronald P. Leow and Cristina Sanz},
  publisher = {John Benjamins Publishing Company},
  year = {2020}, 
  series = {Issues in Hispanic and Lusophone Linguistics 26}
}

@incollection{bustin_2020,
  title = {The development of intonation in L2 Spanish: A perceptual study},
  author = {Anel Brandl and Carolina Gonz{\'a}lez and Amy Bustin},
  pages = {12â€“31}, 
  crossref = {bustin_book}, 
  editor = {Alfonso Morales-Front and Michael J. Ferreira and Ronald P. Leow and Cristina Sanz},
  booktitle = {Hispanic Linguistics: Current issues and new directions}
}

